<?xml version="1.0" encoding="UTF-8"?><collection xmlns="http://www.loc.gov/MARC21/slim"><record><leader>00485nam--2200181-i-4500</leader><controlfield tag="001">000027863</controlfield><controlfield tag="002">20161230</controlfield><controlfield tag="005">20161230201037</controlfield><controlfield tag="008">060222s1000------------r-----000-0-eng-d</controlfield><datafield ind1=" " ind2=" " tag="040"><subfield code="a">IFIN-HH</subfield></datafield><datafield ind1=" " ind2=" " tag="080"><subfield code="a">53</subfield></datafield><datafield ind1="1" ind2=" " tag="100"><subfield code="a">Kruglak, Haym</subfield></datafield><datafield ind1="1" ind2="0" tag="245"><subfield code="a">Basic mathematics for the physical sciences</subfield><subfield code="c">Haym kruglak, john t. moore</subfield></datafield><datafield ind1=" " ind2=" " tag="260"><subfield code="a">New York</subfield><subfield code="b">Mcgraw-hill Book Co.Inc</subfield><subfield code="c">1963</subfield></datafield><datafield ind1=" " ind2=" " tag="300"><subfield code="a">354P</subfield></datafield><datafield ind1="1" ind2=" " tag="700"><subfield code="a">Moore, John T</subfield></datafield><datafield ind1=" " ind2=" " tag="852"><subfield code="a">19375</subfield><subfield code="c">53.02</subfield></datafield><datafield ind1=" " ind2=" " tag="CAT"><subfield code="a">Sys</subfield><subfield code="c">20151019</subfield><subfield code="h">151617</subfield></datafield></record></collection>